@misc{test,
author = {Cyrill Stachniss},
title = {Robot Mapping - Grid Maps},
year = {2016}, 
howpublished = "\url{http://ais.informatik.uni-freiburg.de/teaching/ws12/mapping/pdf/slam11-gridmaps-4.pdf"}}
,
@misc{lo,
author = {Gian Diego Tipaldi Wolfram Burgard},
title = {Robot Mapping - Grid Maps},
year = {2017}, 
howpublished = "\url{http://ais.informatik.uni-freiburg.de/teaching/ws17/mapping/pdf/slam10-gridmaps.pdf"}}
,

@misc{taltech-bayes,
author = {IAS0060 Mapping 2},
title = {Project 1 (Scitos): Bayesian Statistics and Occupancy Probabilities},
year = {2023}, 
howpublished = "\url{https://moodle.taltech.ee/course/view.php?id=30090"}}
,

@misc{taltech-line,
author = {IAS0060 Mapping algorithm in simulation},
title = {Project 1 (Scitos): Implement mapping algorithm in simulation},
year = {2023}, 
howpublished = "\url{https://moodle.taltech.ee/mod/assign/view.php?id=215574"}}


,
@misc{video-mapping,
author = {Evgenia Vesterblom},
title = {Project 1 (Scitos): Mapping demo},
year = {2023}, 
howpublished = "\url{https://youtu.be/s0qFAl7SZXA"}}




 



